906 1327
151 72 161 88 8
442 71 489 89 eaput
498 72 508 85 1⁴

151 113 226 129 evidence
236 113 253 129 at
263 113 311 134 lea-t,
323 112 445 134 Theophrastus
454 112 468 128 is
477 113 508 128 not
516 112 545 129 the
555 118 612 129 source
621 112 640 129 of
649 112 682 129 this
695 112 809 129 classifioation

151 139 170 156 of
178 140 233 160 styles,
242 139 270 155 the
279 140 316 155 true
325 139 378 161 origin
386 139 405 155 of
412 139 466 155 which
475 140 520 155 must
529 139 549 155 be
559 139 620 160 songht
629 139 724 155 elsewhere‘*
733 139 756 161 (p.
765 139 808 160 127).

152 165 195 185 Quae
208 166 227 182 ut
235 166 319 187 probaret,
330 165 469 182 Hendricksonius
481 171 490 182 a
501 166 580 187 magistro
590 165 698 187 Theophrasti
707 167 724 182 et
734 171 744 182 a
755 167 809 182 vetere

151 193 227 214 Peripate
241 194 336 214 armi-menta
349 192 408 213 petivit
420 192 475 208 eadem
487 192 556 213 ratione,
570 198 602 213 qua
613 192 684 209 Dielsius
696 192 809 214 Theophrasto

151 225 190 236 usus
198 220 223 236 est
229 219 250 236 ad
258 219 324 236 tertium
332 219 390 236 librum
398 219 524 236 Rhetoricorum
531 218 664 236 Aristoteliorum
671 219 809 240 interpretandum

152 246 211 268 (Dielsz
218 246 283 263 3.Buch
288 246 316 262 der
319 246 402 262 Aristotel.
407 245 547 262 Rhet.Abh.Ber1.
551 245 571 262 A.
576 245 632 267 1886),
639 246 705 267 eiusque
712 246 810 262 rhetoricam

152 273 242 289 doctrinam
254 273 303 289 etism
315 278 351 289 cum
363 272 416 289 ethica
425 272 569 294 Peripateticorum
582 272 693 289 mediocritate
706 273 810 293 comparavit.

153 299 171 316 si
178 300 217 316 satis
226 299 278 316 multa
286 300 302 316 et
310 300 357 316 firma
367 300 462 321 arguments.
471 299 551 320 adessent,
560 299 619 320 quibus
629 300 710 315 constaret
717 299 810 320 Theophra-

153 327 197 343 stum
206 326 269 343 dicendi
278 326 311 343 tria
319 331 378 348 genera
387 326 486 347 exposuisse,
495 326 598 342 statuendum
608 326 640 342 fuit
649 331 685 342 eum
695 326 711 342 in
720 326 763 342 libro
772 325 810 346 περὶ

153 353 211 373 λέξεως
220 359 230 369 a
239 353 347 374 Peripatetici:
358 353 448 374 μεσότητος
460 353 523 369 rstione
532 353 558 369 vel
570 352 640 369 maxime
651 348 748 369 discessisse.
762 352 810 369 Eius-

153 380 196 396 modi
207 381 302 401 argumenta
311 380 356 396 nulla
366 385 400 396 esse
409 379 523 396 Hendrickson
533 380 608 400 ostendit,
617 379 645 396 sed
655 379 709 396 omnia
719 385 753 396 esse
762 379 810 400 liqui-

153 406 178 428 da,
187 407 201 423 si
210 406 254 428 apud
262 406 393 428 Theophrastum
404 407 423 423 τὸ
435 406 487 427 μέσον
496 406 515 423 ἐν
526 406 569 426 λέξει
581 406 623 422 idem
636 407 684 427 atque
696 406 739 427 apud
748 406 810 422 Aristo-

153 433 202 450 telem
211 433 306 450 invenimus⁴
320 433 363 455 „But
375 433 461 454 especially
470 432 478 449 I
488 433 539 449 desire
551 434 568 449 to
580 433 628 449 make
639 433 653 449 it
665 433 710 454 plain
722 433 744 454 by
755 438 811 449 means

154 460 173 476 of
184 460 268 476 authentia
281 460 371 482 trag-ments
385 460 404 476 of
413 460 543 481 Theophrastus,
557 460 593 476 that
604 460 630 476 his
644 460 741 480 conception
752 459 771 476 of
783 459 811 475 the

154 487 212 503 ‘virtue
222 487 241 503 of
248 487 296 508 style’
304 492 336 503 was
344 487 372 503 the
381 492 425 503 same
434 492 452 503 as
462 487 497 503 that
507 487 525 503 of
530 486 610 503 Aristotle
619 486 651 503 snd
660 486 741 502 therefore
750 486 811 507 wholly

154 514 196 530 alien
203 514 221 530 to
228 514 256 530 the
265 513 336 530 division
342 514 377 530 into
386 516 488 535 χαρακτῆρες
496 519 534 529 now
543 513 636 534 commonly
645 513 734 529 attributed
741 514 759 529 to
768 513 812 529 him¹‘

155 540 177 562 (p.
186 540 230 562 137),
246 540 348 561 Quamquam
359 546 423 556 summo
435 540 500 562 ingenio
513 541 529 556 et
540 540 614 556 acumine
628 545 692 556 causam
704 540 744 561 egit,
757 540 812 556 tamen

154 567 210 588 paucis
219 565 283 583 videtur
292 567 395 588 persuasisse.
410 566 522 588 Theophrasto
534 567 577 583 enim
587 572 624 583 cum
636 567 667 583 tria
676 566 739 583 dicendi
753 571 813 588 genera

155 594 237 614 adimeret,
246 594 329 615 singulum
338 595 355 610 et
364 599 414 610 unum
424 593 469 610 dedit
478 595 581 615 praeceptum
591 594 686 614 μεσότητος,
693 599 713 609 ex
720 598 752 614 quo
759 594 812 609 totam

154 620 206 637 libelli
215 620 286 637 indolem
296 621 312 637 et
324 620 404 637 rationem
413 620 472 640 λέξεως
483 626 516 636 non
528 620 604 642 contigit,
615 621 634 636 ut
646 620 739 636 illustraret.
754 619 812 640 Neque

155 647 259 664 difficultates
273 647 322 663 solvit
335 647 352 663 in
366 647 417 663 altera
430 647 546 669 disputatione,
563 652 611 668 quam
626 647 645 663 de
659 646 712 663 tribus
726 646 812 668 generibus

155 674 221 696 scripsit
230 674 247 691 iu
256 674 338 691 volumine
347 673 402 690 XXVI
412 674 438 695 (Δ.
445 674 460 690 J.
468 674 497 690 Ph.
507 673 563 695 1905).
579 673 635 694 Itaque
647 673 692 694 prior
703 673 784 689 sententia
793 672 813 688 de

155 701 267 722 Theophrasto
280 706 358 722 generum
370 702 436 717 auctore
450 701 499 717 etiam
513 701 552 721 post
565 699 705 716 Hmdriksonium
718 699 783 716 duravit
796 700 813 715 et

156 727 208 744 adhuc
223 728 273 749 vulgo
289 727 350 743 credita
366 727 430 744 videtur
446 732 485 743 esse.
503 727 527 743 Ut
545 726 658 748 compendium
677 726 749 747 affemm,
768 725 812 746 audi,

156 759 223 776 quaeso,
235 754 357 770 Gudemannum
370 754 387 770 in
398 753 490 775 „G'ruudriss
499 759 528 770 zur
537 753 594 770 Gsseh,
601 753 616 769 d.
623 753 669 769 class,
676 753 734 769 Philol.
744 752 767 774 (p.
774 752 813 774 23)“

156 781 179 797 ita
189 781 275 797 dicentem:
284 781 324 802 „Die
331 781 416 797 beruhmte
423 780 526 802 Dreiteilung
533 780 561 797 der
568 780 633 801 ‘genera
642 779 710 796 dicendi'
718 779 757 801 geht
766 779 813 796 eben<

156 808 193 824 fans
203 809 245 824 trotz
254 807 367 824 Hendn'ckson
379 808 409 824 eut*
419 808 447 824 ilm
457 806 574 829 (Theophrast)
586 807 660 823 zuruek‘¹.
674 806 722 822 Valet
733 806 784 827 igitur
795 806 813 822 iu

156 835 229 851 nosti-sm
243 840 308 856 quoque
321 835 432 856 quaestionem
446 834 554 850 Horatianum
570 833 618 850 iuud:
635 833 699 850 'Adhuc
712 833 742 849 suh
761 832 813 849 iudice

156 861 177 878 lis
188 862 223 878 est'.

202 915 246 931 Haec
255 915 287 931 iam
296 915 357 931 dudum
367 914 427 935 scripta
436 915 482 930 erant
489 923 510 926 —-
518 914 554 930 aliis
564 914 607 930 enim
617 913 674 930 officiis
684 913 763 929 distentus
773 912 813 929 duos

157 942 191 958 fere
200 947 251 958 annos
259 942 277 958 in
285 942 316 958 hac
325 941 438 958 dissertatione
447 941 541 962 consumpsi
548 950 569 952 —
576 942 630 957 totum
640 941 672 956 ism
681 939 767 956 consilium
776 944 814 960 ope>

156 969 180 985 ris
189 970 224 985 erat
232 968 291 985 initum
300 969 317 985 et
326 968 396 984 maxima
405 973 443 989 pars
452 968 509 989 primis
518 967 577 984 litteris
587 967 636 983 etiam
645 966 725 987 mandata,
735 971 771 982 cum
781 966 814 982 edi-

157 997 184 1012 tus
194 996 219 1012 est
227 995 292 1016 Lipsiae
301 995 318 1011 in
327 994 399 1011 Aedibus
409 994 490 1011 Teubneri
499 994 541 1010 liber
549 994 621 1015 Augusti
630 993 691 1015 Meyer,
703 993 731 1014 qui
740 992 814 1009 inscribi-

157 1024 190 1039 tur:
199 1022 317 1043 „Theophrasti
325 1021 363 1043 περὶ
373 1021 431 1041 λέξεως
440 1021 478 1037 libri
487 1021 591 1042 fragmenta&
605 1020 662 1037 Dicere
671 1025 738 1041 nequeo,
752 1020 813 1040 quanto

158 1049 212 1066 studio
219 1054 228 1065 a
233 1054 275 1065 nova
282 1049 352 1065 editione
359 1053 402 1064 nove
408 1048 428 1064 ad
433 1048 541 1069 Theophrasti
548 1047 580 1063 iam
587 1047 657 1063 adamati
664 1046 813 1067 interpretationem

158 1075 230 1092 subsidia
239 1075 344 1097 expetiverim
351 1081 403 1096 neque
413 1075 512 1096 quantopere
519 1080 572 1090 meum
580 1074 652 1090 studium
660 1073 687 1090 ille
693 1073 735 1089 liber
744 1072 813 1089 eluserit.

158 1103 195 1119 Non
208 1108 240 1124 quo
251 1102 304 1119 mults.
312 1102 433 1124 Theophrastea
445 1101 504 1118 desint:
518 1101 546 1118 sed
560 1101 600 1117 haec
613 1106 663 1122 paene
677 1100 775 1116 evanescunt
783 1099 814 1115 sub

158 1130 201 1146 mole
210 1135 273 1150 cornui,
283 1135 324 1150 quae
334 1130 376 1145 certe
386 1129 406 1145 ab
416 1134 435 1145 eo
447 1130 485 1145 sunt
496 1128 552 1144 aliena.
566 1128 623 1144 Totius
635 1128 688 1144 autem
700 1127 738 1143 libri
749 1126 814 1142 restitu-

159 1156 196 1173 endi
205 1156 309 1172 fundamenta
318 1156 341 1172 its
352 1156 390 1172 iecit
399 1155 481 1176 Meyer-us,
492 1156 511 1171 ut
522 1160 555 1171 non
567 1154 620 1171 solum
632 1154 677 1173 ἰθέας
688 1154 755 1175 poneret
764 1153 814 1169 virtu*
